@article{WebCrawlerAReview,
	title={Web Crawler: Web Crawler:A Review},
	author={Khurana1,Kumar2},
	journal={IJCSMS International Journal of Computer Science & Management Studies},
	year={2012}
	
}
@article{AutomationTestingAnIntroductiontoSelenium,
	title={Automation Testing: An Introduction to Selenium},
	author={Himanshi, Umesh N and Saraswat A},
	publisher={International Journal of Computer Applications},
	pages={119--133},
	year={2015}
	
}
@article{SeleniumTestingFramework,
	title={Comparative Study on Automation Testing
using Selenium Testing Framework and QTP},
	author={Jagannatha S, Niranjanamurthy M, Manushree SP and Chaitra GS},
	publisher={International Journal of Computer Science and Mobile Computing},
	pages={258--267},
	year={2014}
	
}
@phdthesis{Javaapplet,
	title={Java Applet Awareness Impacting User Web
Browsing Behavior, University of Massachusetts Boston 
, College of Managment},
	author={Norilyz Figueroa },
	school={Dissertation},
	year={2012}
	
}

@article{EffectivnessofUnitTest,
	author = {Williams L, Kudrjavets G, Nagappan N},
	title = {On the Effectiveness of Unit Test Automation at Microsoft},
	journaltitle = {20th International Symposium on Software Reliability Engineering},
	date = {16-19 Nov. 2009},
}
